@article{kim2015selection,
  title={Selection and reduced population size cannot explain higher amounts of Neandertal ancestry in East Asian than in European human populations},
  author={Kim, Bernard Y and Lohmueller, Kirk E},
  journal={The American Journal of Human Genetics},
  volume={96},
  number={3},
  pages={454--461},
  year={2015},
  publisher={Elsevier}
}
 
@article{cai2015sparse,
  title={Sparse whole-genome sequencing identifies two loci for major depressive disorder},
  author={Cai, Na and Bigdeli, Tim B and Kretzschmar, Warren and Li, Yihan and Liang, Jieqin and Song, Li and Hu, Jingchu and Li, Qibin and Jin, Wei and Hu, Zhenfei and others},
  journal={Nature},
  volume={523},
  number={7562},
  pages={588--591},
  year={2015},
  publisher={Nature Publishing Group}
}
