@article{dannemann2017contribution,
author = {M. Dannemann and J. Kelso},
journal = {The American Journal of Human Genetics},
pages = {578-589},
title = {The Contribution of Neanderthals to Phenotypic Variation in Modern Humans},
volume = {101},
year = {2017},
}

@article{skov2020nature,
author = {L. Skov and M. Coll Maci{\`a} and G. Sveinbj{"o}rnsson and F. Mafessoni and E. A. Lucotte and M. S. Einarsd{\'o}ttir and H. Jonsson and B. Halldorsson and D. F. Gudbjartsson and A. Helgason and M. H. Schierup and K. Stefansson},
journal = {Nature},
pages = {78-83},
title = {The nature of Neanderthal introgression revealed by 27,566 Icelandic genomes},
volume = {582},
year = {2020},
}

@article{mcarthur2021quantifying,
author = {E. McArthur and D. C. Rinker and J. A. Capra},
journal = {Nat Commun.},
pages = {4481},
title = {Quantifying the contribution of Neanderthal introgression to the heritability of complex traits},
volume = {12},
year = {2021},
}

@article{simonti2016phenotypic,
author = {C. N. Simonti and B. Vernot and L. Bastarache and E. Bottinger and D. S. Carrell and R. L. Chisholm and D. R. Crosslin and S. J. Hebbring and G. P. Jarvik and I. J. Kullo and R. Li and J. Pathak and M. D. Ritchie and D. M. Roden and S. S. Verma and G. Tromp and J. D. Prato and W. S. Bush and J. M. Akey and J. C. Denny and J. A. Capra},
journal = {Science},
pages = {737-741},
title = {The phenotypic legacy of admixture between modern humans and Neandertals},
volume = {351},
year = {2016},
}

@article{sankararaman2014genomic,
author = {S. Sankararaman and S. Mallick and M. Dannemann and K. Pr{"u}fer and J. Kelso and S. P{"a}{"a}bo and N. Patterson and D. Reich},
journal = {Nature},
pages = {354-357},
title = {The genomic landscape of Neanderthal ancestry in present-day humans},
volume = {507},
year = {2014},
}

@article{pazokitoroudi2020efficient,
author = {A. Pazokitoroudi and Y. Wu and K. S. Burch and K. Hou and A. Zhou and B. Pasaniuc and S. Sankararaman},
journal = {Nat Commun.},
pages = {4020},
title = {Efficient variance components analysis across millions of genomes},
volume = {11},
year = {2020},
}

@article{mathieson2012differential,
author = {I. Mathieson and G. McVean},
journal = {Nat Genet.},
pages = {243-246},
title = {Differential confounding of rare and common variants in spatially structured populations},
volume = {44},
year = {2012},
}

@article{harris2016genetic,
author = {K. Harris and R. Nielsen},
journal = {Genetics},
pages = {881-891},
title = {The Genetic Cost of Neanderthal Introgression},
volume = {203},
year = {2016},
}

@article{wang2020simple,
author = {G. Wang and A. Sarkar and P. Carbonetto and M. Stephens},
journal = {J. R. Stat. Soc. B},
pages = {1273-1300},
title = {A simple new approach to variable selection in regression, with application to genetic fine mapping},
volume = {82},
year = {2020},
}

@article{cingolani2012program,
author = {P. Cingolani and A. Platts and L. L. Wang and M. Coon and T. Nguyen and L. Wang and S. J. Land and X. Lu and D. M. Ruden},
journal = {Fly.},
pages = {80-92},
title = {A program for annotating and predicting the effects of single nucleotide polymorphisms, SnpEff: SNPs in the genome of Drosophila melanogaster strain w1118; iso-2; iso-3},
volume = {6},
year = {2012},
}

@article{laufer2019influences,
author = {V. A. Laufer and H. K. Tiwari and R. J. Reynolds and M. I. Danila and J. Wang and J. C. Edberg and R. P. Kimberly and L. C. Kottyan and J. B. Harley and T. R. Mikuls and P. K. Gregersen and D. M. Absher and C. D. Langefeld and D. K. Arnett and S. L. Bridges Jr},
journal = {Human Molecular Genetics},
pages = {858-874},
title = {Genetic influences on susceptibility to rheumatoid arthritis in African-Americans},
volume = {28},
year = {2019},
}

@article{quinzii2008human,
author = {C. M. Quinzii and L. C. L{\'o}pez and A. Naini and S. DiMauro and M. Hirano},
journal = {BioFactors},
pages = {113-118},
title = {Human CoQ 10 deficiencies},
volume = {32},
year = {2008},
}

@article{kubota2020integrated,
author = {N. Kubota and M. Suyama},
journal = {BMC Med Genomics.},
pages = {8},
title = {An integrated analysis of public genomic data unveils a possible functional mechanism of psoriasis risk via a long-range ERRFI1 enhancer},
volume = {13},
year = {2020},
}

@article{mendez2012at,
author = {F. L. Mendez and J. C. Watkins and M. F. Hammer and A. Haplotype},
journal = {The American Journal of Human Genetics},
pages = {265-274},
title = {at STAT2 Introgressed from Neanderthals and Serves as a Candidate of Positive Selection in Papua New Guinea},
volume = {91},
year = {2012},
}

@article{kume1999characterization,
author = {T. Kume and H. Iwasa and H. Shiraishi and T. Yokoi and K. Nagashima and M. Otsuka and T. Terada and T. Takagi and A. Hara and T. Kamataki},
journal = {Pharmacogenetics.},
pages = {763-771},
title = {Characterization of a novel variant (S145C/L311V) of 3alpha-hydroxysteroid/dihydrodiol dehydrogenase in human liver},
volume = {9},
year = {1999},
}

@article{evans2018comparison,
author = {L. M. Evans and R. Tahmasbi and S. I. Vrieze and G. R. Abecasis and S. Das and S. Gazal and D. W. Bjelland and T. R. de Candia and Haplotype Reference Consortium and M. E. Goddard and B. M. Neale and J. Yang and P. M. Visscher and M. C. Keller},
journal = {Nat Genet},
pages = {737-745},
title = {Comparison of methods that use whole genome data to estimate the heritability and genetic architecture of complex traits},
volume = {50},
year = {2018},
}

@article{okada2014raci,
author = {Y. Okada and D. Wu and G. Trynka and T. Raj and C. Terao and K. Ikari and Y. Kochi and K. Ohmura and A. Suzuki and S. Yoshida and R. R. Graham and A. Manoharan and W. Ortmann and T. Bhangale and J. C. Denny and R. J. Carroll and A. E. Eyler and J. D. Greenberg and J. M. Kremer and D. A. Pappas and L. Jiang and J. Yin and L. Ye and D.-F. Su and J. Yang and G. Xie and E. Keystone and H.-J. Westra and T. Esko and A. Metspalu and X. Zhou and N. Gupta and D. Mirel and E. A. Stahl and D. Diogo and J. Cui and K. Liao and M. H. Guo and K. Myouzen and T. Kawaguchi and M. J. H. Coenen and P. L. C. M. van Riel and M. A. F. J. van de Laar and H.-J. Guchelaar and T. W. J. Huizinga and P. Dieud{\'e} and X. Mariette and S. L. Bridges and A. Zhernakova and R. E. M. Toes and P. P. Tak and C. Miceli-Richard and S.-Y. Bang and H.-S. Lee and J. Martin and M. A. Gonzalez-Gay and L. Rodriguez-Rodriguez and S. Rantap{"a}{"a}-Dahlqvist and L. Arlestig and H. K. Choi and Y. Kamatani and P. Galan and M. Lathrop},
journal = {Nature.},
pages = {376-381},
title = {netics of rheumatoid arthritis contributes to biology and drug discovery},
volume = {506},
year = {2014},
}

@article{agrawal2020scalable,
author = {A. Agrawal and A. M. Chiu and M. Le and E. Halperin and S. Sankararaman},
journal = {PLoS Genet},
title = {Scalable probabilistic PCA for large-scale genetic variation data},
volume = {16},
year = {2020},
doi = {1008773},
}

@article{vernot2014resurrecting,
author = {B. Vernot and J. M. Akey},
journal = {Science.},
pages = {1017-1021},
title = {Resurrecting Surviving Neandertal Lineages from Modern Human Genomes},
volume = {343},
year = {2014},
}

@article{racimo2015evidence,
author = {F. Racimo and S. Sankararaman and R. Nielsen and E. Huerta-S{\'a}nchez},
journal = {Nat Rev Genet.},
pages = {359-371},
title = {Evidence for archaic adaptive introgression in humans},
volume = {16},
year = {2015},
}

@article{gittelman2016archaic,
author = {R. M. Gittelman and J. G. Schraiber and B. Vernot and C. Mikacenic and M. M. Wurfel and J. M. Akey},
journal = {Current Biology},
pages = {3375-3382},
title = {Archaic Hominin Admixture Facilitated Adaptation to Out-of-Africa Environments},
volume = {26},
year = {2016},
}

@article{juric2016strength,
author = {I. Juric and S. Aeschbacher and G. Coop},
journal = {PLoS Genet},
title = {The Strength of Selection against Neanderthal Introgression},
volume = {12},
year = {2016},
doi = {1006340},
}

@article{petr2019limits,
author = {M. Petr and S. P{"a}{"a}bo and J. Kelso and B. Vernot},
journal = {Proc Natl Acad Sci USA},
pages = {1639-1644},
title = {Limits of long-term selection against Neandertal introgression},
volume = {116},
year = {2019},
}

@article{abi-rached2011shaping,
author = {L. Abi-Rached and M. J. Jobin and S. Kulkarni and A. McWhinnie and K. Dalva and L. Gragert and F. Babrzadeh and B. Gharizadeh and M. Luo and F. A. Plummer and J. Kimani and M. Carrington and D. Middleton and R. Rajalingam and M. Beksac and S. G. E. Marsh and M. Maiers and L. A. Guethlein and S. Tavoularis and A.-M. Little and R. E. Green and P. J. Norman and P. Parham},
journal = {Science.},
pages = {89-94},
title = {The Shaping of Modern Human Immune Systems by Multiregional Admixture with Archaic Humans},
volume = {334},
year = {2011},
}

@article{bycroft2018uk,
author = {C. Bycroft and C. Freeman and D. Petkova and G. Band and L. T. Elliott and K. Sharp and A. Motyer and D. Vukcevic and O. Delaneau and J. O'Connell and A. Cortes and S. Welsh and A. Young and M. Effingham and G. McVean and S. Leslie and N. Allen and P. Donnelly and J. Marchini},
journal = {Nature.},
pages = {203-209},
title = {The UK Biobank resource with deep phenotyping and genomic data},
volume = {562},
year = {2018},
}

@article{boughton2021locuszoom.js:,
author = {A. P. Boughton and R. P. Welch and M. Flickinger and P. VandeHaar and D. Taliun and G. R. Abecasis and M. Boehnke},
journal = {Bioinformatics.},
pages = {3017-3018},
title = {LocusZoom.js: interactive and embeddable visualization of genetic association study results},
volume = {37},
year = {2021},
}

@article{prfer2014complete,
author = {K. Pr{"u}fer and F. Racimo and N. Patterson and F. Jay and S. Sankararaman and S. Sawyer and A. Heinze and G. Renaud and P. H. Sudmant and C. de Filippo and H. Li and S. Mallick and M. Dannemann and Q. Fu and M. Kircher and M. Kuhlwilm and M. Lachmann and M. Meyer and M. Ongyerth and M. Siebauer and C. Theunert and A. Tandon and P. Moorjani and J. Pickrell and J. C. Mullikin and S. H. Vohr and R. E. Green and I. Hellmann and P. L. F. Johnson and H. Blanche and H. Cann and J. O. Kitzman and J. Shendure and E. E. Eichler and E. S. Lein and T. E. Bakken and L. V. Golovanova and V. B. Doronichev and M. V. Shunkov and A. P. Derevianko and B. Viola and M. Slatkin and D. Reich and J. Kelso and S. P{"a}{"a}bo},
journal = {Nature},
pages = {43-49},
title = {The complete genome sequence of a Neanderthal from the Altai Mountains},
volume = {505},
year = {2014},
}

@article{green2010,
author = {R. E. Green and J. Krause and A. W. Briggs and T. Maricic and U. Stenzel and M. Kircher and N. Patterson and H. Li and W. Zhai and M. H.-Y. Fritz and N. F. Hansen and E. Y. Durand and A.-S. Malaspinas and J. D. Jensen and T. Marques-Bonet and C. Alkan and K. Pr{"u}fer and M. Meyer and H. A. Burbano and J. M. Good and R. Schultz and A. Aximu-Petri and A. Butthof and B. H{"o}ber and B. H{"o}ffner and M. Siegemund and A. Weihmann and C. Nusbaum and E. S. Lander and C. Russ and N. Novod and J. Affourtit and M. Egholm and C. Verna and P. Rudan and D. Brajkovic},
journal = {Science},
pages = {710-722},
title = {A Draft Sequence of the Neandertal Genome},
volume = {328},
year = {2010},
unidentified = {Science},
}

@article{greenbaum2019disease,
author = {G. Greenbaum and W. M. Getz and N. A. Rosenberg and M. W. Feldman and E. Hovers and O. Kolodny},
journal = {Nat Commun.},
pages = {5003},
title = {Disease transmission and introgression can explain the long-lasting contact zone of modern humans and Neanderthals},
volume = {10},
year = {2019},
}

@article{finucane2015partitioning,
  title={Partitioning heritability by functional annotation using genome-wide association summary statistics},
  author={Finucane, Hilary K and Bulik-Sullivan, Brendan and Gusev, Alexander and Trynka, Gosia and Reshef, Yakir and Loh, Po-Ru and Anttila, Verneri and Xu, Han and Zang, Chongzhi and Farh, Kyle and others},
  journal={Nature genetics},
  volume={47},
  number={11},
  pages={1228--1235},
  year={2015},
  publisher={Nature Publishing Group}
}
