@article{weiss2021cis,
  title={The cis-regulatory effects of modern human-specific variants},
  author={Weiss, Carly V and Harshman, Lana and Inoue, Fumitaka and Fraser, Hunter B and Petrov, Dmitri A and Ahituv, Nadav and Gokhman, David},
  journal={Elife},
  volume={10},
  pages={e63713},
  year={2021},
  publisher={eLife Sciences Publications Limited}
}
@article{schaefer2021ancestral,
  title={An ancestral recombination graph of human, Neanderthal, and Denisovan genomes},
  author={Schaefer, Nathan K and Shapiro, Beth and Green, Richard E},
  journal={Science Advances},
  volume={7},
  number={29},
  pages={eabc0776},
  year={2021},
  publisher={American Association for the Advancement of Science}
}
@article{zahid2019novel,
  title={Novel tumor suppressor SPRYD4 inhibits tumor progression in hepatocellular carcinoma by inducing apoptotic cell death},
  author={Zahid, Kashif Rafiq and Han, Shiming and Zhou, Fuling and Raza, Umar},
  journal={Cellular Oncology},
  volume={42},
  number={1},
  pages={55--66},
  year={2019},
  publisher={Springer}
}
