@article{lande1976natural,
  title={Natural selection and random genetic drift in phenotypic evolution},
  author={Lande, Russell},
  journal={Evolution},
  pages={314--334},
  year={1976},
  publisher={JSTOR}
}
@article{haller2019slim,
  title={SLiM 3: forward genetic simulations beyond the Wright--Fisher model},
  author={Haller, Benjamin C and Messer, Philipp W},
  journal={Molecular biology and evolution},
  volume={36},
  number={3},
  pages={632--637},
  year={2019},
  publisher={Oxford University Press}
}
