@article{chiang2018comprehensive,
  title={A comprehensive map of genetic variation in the world’s largest ethnic group—Han Chinese},
  author={Chiang, Charleston WK and Mangul, Serghei and Robles, Christopher and Sankararaman, Sriram},
  journal={Molecular biology and evolution},
  volume={35},
  number={11},
  pages={2736--2750},
  year={2018},
  publisher={Oxford University Press}
}